    @article{formalniDP,
      author =       {Lucia Tušimová and Jaroslav Rozman},
      title =        {Generování rodokmenů z matričních záznamů},
      year =         {2020},
      location =      {Brno},
      publisher =    {Vysoké učení technické v Brně, Fakulta informačních technologií},
      type =         {Master's Thesis},
    }
    
    @website{britannica,
      author =       {Leslie Gilbert Pine},
      title =        {genealogy},
      note =         {[Online; accessed 12.1.2022]},
      year =         {2021},
      month =        {sep},
      day =          {5},
      publisher =    {Encyclopedia Britannica},
      howpublished = {\url{https://www.britannica.com/topic/genealogy}},
    }
    
    @article{kotesova,
      title =        {História, vznik a vývoj matrík},
      note =         {[Online; accessed 12.1.2022]},
      publisher =    {MATRIČNÝ ÚRAD KOTEŠOVÁ},
      howpublished = {\url{http://www.kotesova.info/files/1510-historia-vznik-a-vyvoj-matrik-na-slovensku-1297777123.pdf}},
    }
    
    @website{lednicka,
      title =        {Rodopisné stránky},
      author =       {Blanka Lednická},
      note =         {[Online; accessed 13.1.2022]},
      howpublished = {\url{http://rodokmen.nase-koreny.cz/matriky/obsah_matrik.htm}},
    }
    
    @article{normalizace,
      author =       {David Hříbek and Jaroslav Rozman},
      title =        {Poloautomatická normalizace slov z matričních záznamů},
      year =         {2019},
    }
    
    @article{strings,
      author =       {William W. Cohen and Pradeep Ravikumar and Stephen E. Fienberg},
      title =        {A comparison of String Distance Metrics for
Name-Matching Tasks},
      year =         {2003},
      note =         {[Online; accessed 14.1.2022]},
      howpublished = {\url{https://www.cs.cmu.edu/~wcohen/postscript/ijcai-ws-2003.pdf}},
    }
    
    @article{linkage,
      author =       {Ivan P. Fellegi and Alan B. Sunter},
      title =        {A theory for record linkage},
      year =         {1969},
      journal =      {Journal of the American Statistical
Association},
      volume =       {64},
      number =       {328},
      pages =        {1183--1210},
      publisher=     {Taylor \& Francis},
    }
    
    @website{mysql,
      title =       {MySQL Connector/Python Developer Guide},
      publisher =   {MySQL},
      day =         {22},
      month =       {dec},
      year =        {2021},
      howpublished ={\url{https://dev.mysql.com/doc/connector-python/en/}},
    }
    
    @website{neo4j,
      title =       {Using Neo4j from Python},
      year =        {2020},
      howpublished ={\url{https://neo4j.com/developer/python/}},
    }
    
    @website{cProfile,
    title = {The Python Profilers},
    year = {2022},
    howpublished = {\url{https://docs.python.org/3/library/profile.html}},
    }
    
    @website{plusop,
    title = {Do Not Use “+” to Join Strings in Python},
    year = {2020},
    howpublished = {\url{https://towardsdatascience.com/do-not-use-to-join-strings-in-python-f89908307273}},
    }
    
    @website{balanced,
    title = {What is Balanced Accuracy? (Definition \& Example)},
    year = {2021},
    month = {10},
    day = {6},
    howpublished = {\url{https://www.statology.org/balanced-accuracy/}},
    }